1915 3180
105 157 147 194 230
324 155 383 191 Stichi
397 157 431 191 aut
443 155 520 191 iambici
531 157 566 191 aut
578 155 672 192 trochaici.

103 275 222 323 praepositio
237 273 262 313 m'
280 272 319 328 (Ps.
336 276 370 322 68,
388 278 411 322 2;
430 277 466 315 Iob
483 278 517 324 41,
535 273 579 330 17),
601 276 693 325 Esupra
707 277 765 315 dictis
779 277 840 325 patet,
860 288 897 325 pro

100 332 180 381 J’qurnri
195 333 227 370 vel
240 333 325 382 je'qumri
340 334 400 371 etiam
415 336 597 390 pronuntiationem
610 331 691 384 J'qumu
710 334 791 373 metrice
806 334 896 373 admissi-

102 390 164 431 bilem
179 403 225 439 esse,
241 404 345 443 uunquam
355 405 401 432 verc
413 394 504 444 jiqumri.
526 394 652 434 Femininum
662 394 769 446 singularis
783 393 896 444 imperativi

101 451 208 492 uerborum
223 451 298 493 mediae
313 467 332 502 u,
345 453 353 504 y'
368 453 392 493 in
407 456 545 507 conjugatione
565 455 597 506 qai
612 455 721 507 crytonum
738 467 789 504 esse,
805 468 817 493 a
832 467 896 506 punc-

102 514 200 554 tatoribus
215 514 316 554 interdum
331 515 445 555 admittitur
460 519 481 556 et
490 519 553 557 metro
569 515 696 556 confirmatur
708 517 730 556 11
744 517 787 557 1000
797 516 829 555 Ρο.
847 516 896 564 114,

105 574 122 622 7,
138 588 175 624 pro
190 574 258 614 eadem
273 575 336 615 forina
351 576 457 616 uerbcrmn
477 578 552 617 mediae
571 577 681 629 geminatae
699 576 752 627 apud
767 577 792 616 10,
810 577 844 624 23,
862 576 895 615 16.

103 635 140 673 sec
156 637 176 674 et
191 635 323 675 masculinum
343 636 427 685 pluralis
445 638 558 688 imperativi
573 638 606 687 qal
620 637 642 676 in
656 637 722 676 verbis
741 636 817 675 mediae
833 637 896 688 gemi-

102 696 160 733 natae
180 696 240 733 semel
256 691 294 749 (Ps.
316 695 350 742 48,
373 696 420 748 13),
440 698 462 735 in
477 697 542 737 uerbis
561 697 637 736 mediae
652 711 670 744 v,
683 697 692 747 j
708 697 784 746 pluries
804 696 896 736 ultimam

102 754 198 804 syllabam
212 755 273 794 habet
287 757 422 795 accentuatam
438 756 476 805 (Ps.
494 757 528 803 32,
546 757 583 804 11,
601 757 634 804 33,
652 756 675 804 3,
692 756 726 804 48,
744 756 782 804 14,
806 755 839 802 50,
856 756 896 803 22,

103 814 137 860 90,
155 815 178 861 3,
201 814 234 861 95,
253 814 276 862 6,
297 815 332 861 96,
349 815 373 864 8,
394 816 428 863 98,
447 815 469 863 1,
492 816 540 862 100,
562 817 581 855 2.
598 817 622 864 4,
645 817 692 862 105,
713 818 743 855 2a.
758 816 782 863 b;
807 815 854 862 149,
873 815 896 862 1,

101 873 177 919 1016,
195 874 233 921 29,
252 875 289 920 19,
307 875 345 921 29,
363 875 423 913 Num.
446 875 483 921 21,
506 876 543 922 27,
564 875 622 914 Deut.
644 876 682 921 32,
705 875 727 922 7,
748 876 772 913 10.
795 875 833 920 42,
857 875 895 921 10,

70 970 72 973 ,
102 932 162 970 etiam
176 932 220 970 Thr.
238 935 257 979 4,
275 934 308 979 15,
324 933 364 971 nisi
378 934 494 984 negligatur
509 935 585 983 pausa).
600 934 625 972 In
640 934 726 982 perfecto
741 934 774 982 qal
789 933 895 971 verborum

101 990 176 1028 mediae
192 992 302 1041 geminatae
317 1003 358 1029 non
372 992 446 1038 solum,
467 992 520 1041 quod
534 993 578 1041 ipsa
592 992 696 1041 punctatio
715 992 820 1041 permittit,
835 991 895 1030 tertia

101 1060 184 1096 persona
203 1049 292 1098 pluralis,
315 1049 349 1087 sed
369 1051 428 1088 etiam
448 1050 555 1101 singularis
574 1050 670 1098 feminini,
690 1050 747 1089 nullo
767 1049 895 1099 praecedente

101 1108 143 1147 vav
158 1108 277 1155 0011010100,
298 1108 383 1159 orytona
398 1109 428 1147 est
448 1109 470 1148 in
485 1110 527 1148 loco
542 1110 573 1148 Ps.
590 1109 624 1156 44,
642 1109 675 1156 26,
696 1120 732 1148 100
751 1120 793 1148 101
807 1108 843 1148 Iob
860 1108 894 1155 30,

102 1167 136 1214 39,
151 1168 191 1206 uisi
205 1179 242 1218 pro
257 1168 322 1206 miuni
336 1169 445 1208 substituas
460 1169 515 1209 min·
528 1168 619 1209 Ceterum
634 1168 741 1220 utrobique
755 1168 835 1208 licentia
850 1166 896 1207 tolli

100 1229 172 1278 potest,
187 1228 205 1268 si
219 1229 298 1281 legatur
318 1228 412 1277 saet’eha,
433 1228 513 1269 char'rc.
539 1229 651 1270 Perfectum
671 1230 829 1281 metaplasticunr
848 1241 894 1269 con-

98 1289 209 1340 jugatiouis
230 1285 287 1328 nif‘al
308 1290 415 1329 eorundem
437 1290 551 1337 verborum,
574 1291 736 1342 conjugationem
756 1291 790 1341 qal
808 1290 894 1337 imitans,

101 1349 154 1398 quod
168 1350 211 1398 ipsc
230 1343 403 1399 textus'praescns
423 1351 517 1401 agnoscit,
537 1351 601 1390 metro
616 1350 744 1389 confirmatur
763 1350 785 1389 in
800 1350 847 1389 10010
862 1350 894 1389 Ρο,

102 1410 135 1456 38,
153 1410 177 1457 6,
195 1409 229 1457 68,
246 1410 270 1457 93'
285 1409 332 1449 Juc.
350 1411 368 1457 5,
385 1410 407 1458 5,
423 1410 463 1449 Jer.
481 1411 514 1458 12,
533 1410 565 1449 11.
591 1410 724 1460 Imperativus
739 1405 796 1458 hit‘il,
812 1409 837 1447 ac
851 1422 892 1448 mo·

100 1468 149 1508 dum
163 1469 253 1508 flexionis
272 1469 406 1509 aramaizautis
425 1469 527 1517 formatus,
547 1470 609 1509 semel
627 1469 730 1508 inventur
746 1465 810 1524 (cant.
828 1469 847 1517 6,
865 1465 893 1524 5).

161 1528 222 1567 Stichi
236 1528 321 1576 iambici,
339 1530 364 1568 ut
376 1530 418 1578 jam
434 1530 560 1576 dictumest,
575 1530 608 1567 vel
627 1528 759 1579 pentasyllabi
774 1529 807 1567 vel
821 1528 893 1577 hepta-

100 1588 172 1637 syllabi
187 1589 244 1635 suut;
264 1588 357 1627 trochaici
372 1600 410 1636 001,
431 1589 474 1627 0010
489 1589 522 1627 vel
537 1587 640 1628 duodecim
655 1587 740 1638 syllabas
760 1587 833 1626 habere
847 1599 893 1636 pos-

97 1647 150 1685 sunt.
164 1647 299 1685 Inveniuntur
318 1648 377 1687 etiam
393 1648 451 1685 stichi
469 1648 555 1697 quatuor
574 1648 595 1685 01
615 1646 681 1686 decem
701 1646 832 1696 syllabarum,
855 1645 889 1683 sed

97 1706 178 1744 tantum
198 1705 220 1743 11
240 1705 326 1754 strophis
347 1707 414 1745 mixtis
434 1718 480 1744 cum
500 1706 544 1744 aliis
565 1706 672 1755 conjuncti.
702 1705 740 1743 Per
760 1716 780 1742 00
800 1703 894 1742 trochaici

99 1764 157 1812 suut;
173 1763 207 1802 sed
221 1764 351 1814 tetrasyllabi,
368 1765 385 1803 si
400 1764 549 1814 heptasyllabis-
557 1765 680 1815 junguntur,
695 1764 720 1802 ab
734 1763 760 1801 iis
774 1762 894 1813 rhythmum

97 1822 205 1862 iambicum
219 1823 290 1862 mutuo
306 1824 398 1870 sumunt,
418 1837 444 1862 ue
459 1824 481 1862 iu
496 1823 563 1862 eadem
583 1824 664 1873 stropha
684 1822 723 1861 duo
738 1821 830 1874 rhythmi
845 1833 891 1860 con·

98 1882 153 1923 trarii
169 1882 268 1923 collidant.
288 1884 332 1933 Lex,
348 1883 457 1924 secuudum
468 1896 527 1935 qua-m
543 1882 892 1924 011011011111010100011011111111
949 1901 952 1904 -

59 1986 61 1989 ,
98 1944 216 1992 coincidunt,
233 1944 286 1996 apud
296 1945 394 1986 Hebraeos
405 1946 472 1985 stricte
482 1944 603 1986 observatur.
622 1944 727 1984 Rarissime
741 1944 822 1984 tautum
836 1955 893 1984 voces

99 2006 163 2056 quoad
178 2017 259 2045 sensum
274 2006 335 2046 sticho
350 2006 476 2057 praecedeuti
494 2006 612 2046 tribuendae
630 2005 655 2045 ad
674 2005 761 2044 stichum
775 2004 894 2054 parallelum

98 2066 214 2115 sequentem
229 2066 330 2115 pertinent
346 2067 385 2115 (Ps.
402 2066 437 2113 58,
455 2066 492 2114 12,
509 2065 543 2114 68,
561 2066 599 2114 33,
616 2066 650 2114 86,
668 2065 706 2113 15,
722 2065 754 2104 Pr.
766 2064 784 2111 6,
803 2063 840 2112 13,
858 2063 892 2111 25,

46 2119 48 2122 ’
100 2126 139 2173 22,
155 2125 214 2164 Dent.
231 2126 265 2171 33,
282 2122 329 2179 27),
349 2126 455 2176 aliquando
470 2126 548 2175 saepius
563 2126 661 2164 anomalia
680 2125 776 2163 contraria
790 2123 893 2162 invenitur

98 2185 138 2230 (Ps.
155 2185 189 2232 11,
205 2186 228 2231 2,
245 2185 279 2231 32,
297 2186 319 2233 8,
342 2185 375 2232 58,
392 2186 412 2224 4,
429 2185 467 2231 11,
489 2185 579 2233 6410,
599 2185 688 2232 6512,
711 2183 744 2229 68,
761 2183 780 2222 4.
798 2182 836 2230 19,
858 2182 892 2227 75,

98 2244 122 2291 4,
140 2244 174 2291 78,
191 2244 230 2291 38,
247 2244 281 2290 84,
299 2245 322 2292 8,
339 2245 409 2291 86,4,
428 2244 476 2291 120,
493 2245 516 2291 5,
534 2244 583 2289 130,
595 2244 619 2291 5,
637 2243 684 2290 140,
696 2243 718 2290 8,
736 2242 785 2288 143,
802 2241 826 2288 7,
843 2241 892 2287 144,

100 2304 122 2350 1,
139 2303 170 2342 Pr.
188 2303 206 2348 7,
224 2302 247 2350 7,
264 2304 283 2348 9,
301 2304 324 2350 3,
342 2304 375 2351 31,
394 2303 431 2349 15,
446 2303 471 2341 10.
489 2303 522 2349 10,
535 2303 558 2350 2,
574 2302 606 2341 Ea.
624 2303 657 2350 19,
674 2304 698 2348 9,
713 2313 749 2339 100
764 2300 845 2339 uouPs.
858 2299 892 2345 27,

98 2362 117 2408 4,
133 2362 172 2400 nisi
187 2361 242 2412 legas
257 2358 371 2415 b’hckh’lc).
397 2361 505 2410 Nunquam
520 2363 588 2400 tamen
607 2362 671 2400 status
689 2360 815 2399 constructus
830 2371 841 2397 a
857 2370 892 2397 suo

98 2421 186 2471 genitivo
206 2421 239 2458 vel
254 2420 303 2458 aliae
323 2432 380 2459 voces
395 2421 469 2460 arctius
488 2421 541 2459 inter
556 2433 576 2459 00
595 2421 712 2470 conjunctae
733 2419 772 2457 fine
788 2418 846 2457 stichi
861 2429 892 2456 se-

97 2480 197 2531 parantur.
230 2479 275 2531 Syri
290 2493 369 2531 quoque
384 2480 405 2520 et
419 2480 525 2533 Byzantini
539 2480 590 2521 hanc
605 2479 722 2521 divisionem
737 2478 891 2519 011010111Ιο0-

97 2541 186 2582 cundum
206 2544 286 2581 seus'um
308 2542 417 2594 generatim
439 2544 577 2590 servaverunt,
603 2554 654 2593 quae
675 2540 756 2593 quidem
775 2540 798 2580 in
817 2539 892 2592 hymno

98 2603 173 2655 syriaco
189 2603 278 2654 gnostico
293 2601 358 2642 adhuc
373 2603 461 2643 strictius
475 2603 579 2652 retinetur,
595 2616 655 2654 quam
670 2617 682 2642 a
697 2602 715 2641 S.
731 2601 847 2652 Ephraemo.

157 2664 315 2703 Parallelismum
331 2662 417 2703 duorum
433 2663 464 2703 vel
478 2664 580 2703 interdum
595 2664 657 2703 trium
674 2663 783 2702 stichorum
796 2662 839 2711 jam
854 2660 892 2700 du·

97 2724 146 2762 dum
160 2723 284 2763 admiserunt
298 2724 337 2763 viri
352 2723 411 2770 docti,
431 2722 465 2761 sed
480 2735 562 2774 erronee
576 2725 679 2773 tamquam
698 2723 764 2773 legem
780 2720 892 2759 violabilem

34 2800 37 2803 ·
97 2785 118 2820 01
132 2795 186 2821 mere
201 2783 361 2833 metaphysicam,
376 2794 418 2821 uon
436 2782 579 2827 immutabilem
602 2783 622 2821 et
637 2793 683 2821 vere
702 2781 809 2819 metricam.
840 2779 892 2817 Nam

97 2842 161 2892 poesis
176 2842 311 2882 Hebraeorum
326 2843 407 2882 nullum
423 2841 502 2880 omnino
523 2842 600 2892 patitur
615 2841 701 2880 stichum
721 2839 837 2885 solitarium,
858 2836 892 2876 sed

96 2913 174 2950 semper
199 2902 256 2941 binos
280 2902 385 2951 parallelos
405 2901 514 2952 conjungit.
545 2901 565 2940 Si
586 2900 667 2950 stropha
690 2899 761 2950 impari
782 2897 892 2937 stichorum
