1911 3180
381 152 420 195 Iob.
432 152 497 194 XXIV.
800 154 842 200 '169

46 278 109 324 unu
133 283 144 322 1
170 277 251 323 Maddu‘
276 282 326 323 mis-
353 270 425 333 seusa
479 282 493 321 4
538 282 612 326 assae
627 283 715 335 ebjtnim
730 281 834 330 11111111,

359 340 426 392 ‘utin
508 343 572 384 Jachd
587 345 675 385 chdbb’u
690 340 753 396 ‘’m'jJ'e
768 346 818 397 arcp.

91 402 186 456 V'jcd'‘dv
201 402 227 446 lo’
244 406 304 445 enen
316 404 399 455 jamav?
480 405 492 442 9
539 406 613 457 Jigz'hi
628 406 693 445 minui
708 405 744 445 sod
751 406 822 456 jettom,

64 466 76 504 2
123 462 229 507 *Esaias
245 465 323 517 g'bulc't
335 465 426 516 jaccigu
509 461 568 505 Ve‘ul
583 462 624 506 eani
635 465 736 516 ja'c'hbdlu.

93 522 140 564 ‘nur
155 525 224 577 gizelu
238 521 326 575 vajjir‘u.
465 525 492 563 25
539 526 592 566 V’im
613 523 639 564 ld'
662 525 698 572 -fo‚
719 529 748 565 mi
766 527 844 575 jskhsi-

63 585 75 622 3
123 585 205 623 Chamdr
217 584 305 633 j’tomim
317 584 409 634 jinhatgu,
788 586 844 631 ben-‚

92 643 184 682 Jachb'hi
199 642 240 681 son
255 644 338 681 almaria.
509 641 598 691 V’jsssm
612 644 652 681 leal
667 643 754 680 millati?

47 768 133 811 suadent,
150 769 174 804 ut
185 778 220 813 pro
232 768 288 817 proin,
306 768 358 814 quod
369 768 407 804 relv
417 768 517 804 correctori
535 768 616 804 debetur
633 767 664 804 vel
681 767 753 804 scribae
766 778 776 804 e
789 778 845 804 versu

49 822 59 853 5
72 816 155 863 irrepsit,
167 816 281 854 restituatur
294 817 343 868 δοίης
361 827 406 864 ergo
418 816 453 854 VA
464 818 541 854 textum
552 816 658 864 genuinum
674 816 744 853 horum
755 828 846 854 versuum

48 866 111 903 adhuc
122 865 202 903 invenit.
216 889 239 894 —
253 871 269 902 6.
285 865 353 903 Verte:
372 866 424 903 Num
441 866 490 903 forte
507 867 529 903 in
547 865 668 913 plenitudine
685 865 784 912 potentiae
801 877 846 903 snae

16 950 18 952 ,
48 926 123 951 mecum
130 915 208 962 litigare
217 915 272 951 vult?
285 915 339 952 Alias
347 926 371 952 ne
383 915 424 961 ipse
433 915 511 961 quidem
523 915 572 951 mihi
580 916 652 951 crimen
664 914 761 960 imputare
768 914 845 962 poterit.

49 963 75 999 of.
88 964 121 999 lob
134 969 151 1007 4,
166 968 197 1003 18;
211 967 240 1004 13,
254 969 282 999 20.
308 964 342 1000 VA
354 963 470 1010 particulam
482 964 506 1007 af,
520 975 579 1010 quam
587 964 650 999 adhuc
661 962 742 1005 invenit,
755 963 802 999 falso
810 974 845 1010 pro

48 1011 125 1047 nomine
142 1011 211 1047 habuit
222 1011 303 1056 ideoque
319 1023 354 1057 per
366 1012 382 1046 'su
395 1013 458 1059 ἀπειλῇ
470 1012 534 1048 vertit.
550 1033 569 1038 —
585 1017 612 1047 14.
630 1013 653 1047 ln
666 1011 699 1046 VA
711 1012 763 1047 totus
780 1023 846 1047 versus

49 1059 106 1094 deest.
122 1081 142 1086 -
158 1065 197 1095 1111.
216 1059 299 1105 Negatio
311 1071 387 1095 sensum
400 1059 506 1104 simplicem
517 1059 595 1095 omnino
612 1058 694 1095 destruit
705 1070 741 1095 nec
757 1059 803 1095 inde
815 1070 846 1095 ex-

49 1106 117 1152 plicari
129 1107 197 1152 potest,
211 1107 302 1151 quodlob
315 1118 355 1142 non
367 1107 390 1142 cb
399 1107 496 1142 miseriam
508 1107 626 1149 exteriorem,
639 1106 672 1142 sed
683 1106 707 1142 ob
720 1118 775 1142 suam
788 1107 847 1142 aDeo

49 1154 191 1189 derelictionem
204 1154 296 1198 desperet.
321 1154 371 1189 Nam
383 1154 467 1199 praecise
483 1155 505 1189 in
517 1154 580 1200 plagis
598 1153 692 1189 divinitus
710 1154 746 1188 sibi
757 1154 848 1188 immissis

49 1201 147 1245 experitur
159 1201 208 1235 iram
220 1200 265 1241 Dei;
277 1201 377 1244 praeterea
389 1201 434 1236 talis
447 1201 544 1236 sententia
556 1201 607 1236 omni
620 1199 757 1245 perspicuitate
769 1202 847 1242 careret,

49 1258 93 1282 cum
105 1247 197 1282 tenebrae
216 1257 276 1291 aeque
293 1247 341 1283 bene
357 1247 454 1283 internam
471 1247 613 1283 derelictionem
625 1259 648 1282 ac
659 1247 728 1292 plagas
747 1247 848 1283 exteriores

50 1294 149 1341 designare
166 1293 248 1340 possent.
268 1315 291 1320 -
311 1295 400 1330 lubi-2.
418 1295 457 1330 Has
474 1305 528 1330 voces
544 1295 642 1330 hebraicas
658 1295 741 1339 utraque
758 1294 815 1330 lectio
827 1295 848 1330 in

50 1342 145 1378 codicibus
154 1341 188 1377 VA
200 1342 276 1377 exstans
286 1344 319 1390 πρὸ
327 1343 417 1390 προσώπου
430 1342 447 1377 δὲ
459 1355 492 1391 μου
501 1344 520 1379 et
532 1343 622 1391 πρόσωπον
629 1343 647 1378 δὲ
659 1355 697 1389 μου,
710 1343 848 1388 repraesentat,

50 1402 93 1427 cum
101 1402 136 1427 nec
143 1389 193 1427 illud
201 1389 313 1438 umippanaj
323 1390 402 1428 reddere
410 1391 475 1438 possit.
486 1414 505 1419 --
513 1390 579 1430 XXlV.
593 1397 608 1427 1.
622 1390 689 1427 Verte:
704 1390 742 1427 Gur
750 1391 774 1427 ab
784 1390 848 1428 Omni-

50 1442 128 1487 potente
141 1439 237 1489 (pendent)
250 1442 338 1486 tempora
347 1440 431 1488 (judicii)
445 1444 465 1477 et
476 1440 601 1477 nihilominus
610 1441 744 1487 cognoscentes
757 1452 801 1477 eum
809 1452 849 1477 non

50 1489 117 1526 vident
135 1490 174 1525 dies
187 1488 330 1535 (retributionis)
343 1491 397 1536 ejus?
421 1490 514 1536 Tempora
531 1492 550 1525 et
563 1490 602 1526 dies
619 1490 651 1525 hic
667 1500 725 1525 sensu
736 1490 798 1526 medio
816 1490 848 1526 ad-

49 1538 146 1580 hibentur,
159 1537 201 1573 tam
213 1537 236 1573 de
248 1537 348 1582 punitione
360 1538 482 1583 peccatorum
495 1539 589 1583 quamde
606 1538 691 1583 praemio
700 1537 802 1583 justorum.
821 1538 848 1574 cf.

50 1585 98 1621 Eccl.
113 1591 129 1629 8,
139 1590 192 1622 5-6.
210 1584 336 1630 Conqueritur
342 1585 380 1627 Iob,
394 1586 446 1631 quod
456 1585 533 1632 justitia
541 1585 679 1631 omnipotentis
693 1586 771 1632 reptoris
781 1585 849 1622 mundi

49 1634 71 1669 in
83 1645 139 1669 cursu
151 1644 215 1669 rerum
227 1633 356 1669 humanarum
367 1644 407 1669 non
420 1635 517 1680 appareat.
543 1633 579 1669 TM
590 1634 634 1679 post
651 1632 696 1669 inis·
709 1634 781 1680 Saddaj
795 1634 850 1670 addit

50 1682 74 1718 lo’
86 1681 174 1729 nipp'nm
193 1680 228 1716 VA
244 1681 312 1716 saltem
329 1683 451 1727 negationem
467 1682 554 1717 nondum
570 1683 634 1717 habet.
649 1702 671 1708 κ
685 1687 726 1717 aar.
743 1681 795 1717 Haec
812 1693 850 1718 vox

50 1729 84 1764 vix
96 1728 199 1764 desiderari
211 1729 280 1772 potest.
295 1750 316 1755 -
330 1735 347 1764 4.
365 1728 417 1771 Quae
429 1729 482 1764 intra
494 1740 560 1764 versus
573 1735 584 1763 4
596 1730 616 1764 et
629 1734 651 1764 25
664 1728 795 1772 includuntur,
810 1731 849 1765 solo

50 1788 69 1812 v.
83 1782 92 1811 9
106 1776 194 1820 excepto,
213 1775 290 1811 aliunde
308 1776 409 1820 desumpta
427 1787 466 1811 esse
482 1787 518 1811 nec
534 1776 624 1821 primitus
637 1775 662 1811 ad
673 1775 745 1811 librum
761 1777 794 1812 Iob
807 1788 848 1822 per-

51 1823 137 1866 tinuisse,
150 1833 189 1857 non
201 1821 263 1856 solum
274 1824 358 1857 metrum
375 1833 441 1857 eorum
452 1823 568 1865 tristichum‚
586 1823 619 1858 sed
635 1823 694 1858 etiam
713 1827 850 1868 argumentum

51 1869 126 1917 probat.
150 1869 202 1904 Nam
214 1868 285 1915 dialogi
302 1869 347 1904 libri
363 1869 395 1904 Iob
412 1880 486 1915 semper
503 1870 621 1905 strictissime
638 1870 688 1905 circa
705 1870 803 1915 problema
815 1871 849 1906 scl-

52 1917 136 1953 vendum
148 1917 265 1962 occupantur
277 1928 312 1952 nec
324 1928 411 1962 unquam
423 1918 448 1952 ad
460 1917 498 1952 alia
507 1918 571 1953 omnia
584 1918 701 1953 dilabuntur.
720 1917 772 1953 Haec
784 1920 850 1954 autem

52 1964 153 2012 descriptio
170 1963 281 2000 miserorum
302 1964 455 2002 deserticolarum
476 1965 507 2013 (ad
526 1977 585 2012 quam
602 1965 661 2002 etiam
673 1977 691 2001 v.
706 1970 750 2002 3-1
772 1977 812 2014 cap.
827 1971 849 2003 30

52 2014 169 2063 pertinent),
188 2024 228 2049 una
245 2024 288 2049 cum
304 2014 397 2050 tristichis
417 2014 540 2061 sequentibus
558 2014 581 2051 dc
598 2015 719 2062 oppressione
736 2027 849 2063 pauperum,

53 2065 148 2101 nocturna
163 2062 253 2106 latronis,
273 2063 326 2108 furis,
345 2063 428 2100 adulteri
445 2063 576 2110 occupatione,
594 2067 643 2101 sorte
660 2065 774 2110 peccatoris,
793 2077 850 2112 quae·
873 2076 875 2080 “

54 2113 135 2149 stionem
147 2111 192 2148 libri
200 2111 231 2147 vel
242 2122 281 2147 non
289 2112 361 2148 tractat
368 2113 445 2148 omnino
458 2113 489 2149 vel
497 2113 518 2148 in
530 2123 621 2158 suspenso
632 2113 730 2158 relinquit,
744 2115 851 2151 enarrando

54 2162 136 2204 tantum,
149 2170 199 2206 quae
211 2160 337 2197 communiter
345 2161 467 2207 contingunt,
479 2161 511 2197 vel
519 2161 602 2207 denique
610 2163 676 2198 contra
685 2162 802 2199 sententiam
811 2163 852 2199 lobi

54 2209 131 2246 decidit.
148 2207 273 2244 Deserticolae
285 2208 307 2244 hi
319 2220 354 2245 nec
361 2210 403 2245 tam
414 2209 461 2245 mali
469 2211 520 2252 sunt,
533 2211 556 2245 ut
568 2210 675 2256 exemplum
687 2211 809 2255 peccatorum
816 2211 851 2247 im-

54 2257 167 2304 punitorum
179 2257 289 2301 praebeant,
303 2257 355 2302 quod
366 2257 425 2293 etiam
431 2269 506 2293 summa
515 2269 579 2293 eorum
586 2258 661 2293 miseria
668 2259 751 2300 vetatur,
765 2270 799 2294 nec
811 2261 853 2294 tam

54 2305 106 2347 boni,
119 2307 142 2340 ut
154 2315 189 2350 pro
201 2305 248 2349 typo
264 2304 361 2350 justorum
379 2315 511 2350 oppressorum
528 2305 596 2340 haberi
612 2305 691 2351 possint.
716 2305 804 2342 Felicitas
816 2307 851 2341 im-

55 2352 131 2398 piorum
147 2352 254 2397 generatim
266 2353 340 2388 intuto
357 2353 392 2387 hoc
407 2352 515 2398 fragmento
533 2364 572 2388 non
589 2353 687 2399 objicitur:
706 2353 764 2389 immo
781 2354 852 2399 pluries

56 2405 92 2444 (24,
103 2405 181 2441 18—24]
192 2409 265 2443 poenae
274 2401 298 2434 iis
308 2400 365 2435 aDeo
372 2401 451 2444 paratae
461 2401 638 2443 commemorantur,
648 2401 699 2445 quod
707 2401 740 2435 lob
752 2412 853 2445 nunquam

56 2446 108 2488 facit,
121 2446 159 2480 nisi
171 2446 220 2480 forte
229 2446 295 2488 obiter,
314 2448 344 2481 sel
357 2447 382 2481 ad
393 2447 522 2488 retorsionem,
537 2447 603 2482 amicis
612 2447 746 2482 accusantibus
760 2448 853 2482 ultionem

56 2493 143 2528 divinam
155 2493 179 2527 ab
192 2492 238 2538 ipsis
251 2492 405 2538 depraedicatam
417 2494 525 2529 minitando
539 2498 575 2538 (13,
589 2500 659 2536 9-11,
674 2499 701 2536 11,
715 2499 773 2535 4-5;
788 2499 815 2536 19,
829 2500 851 2530 28

57 2546 112 2583 -293
126 2547 155 2582 21,
170 2542 195 2584 1),
208 2539 239 2576 vel
251 2540 384 2586 hypothetice,
403 2553 422 2577 se
435 2542 524 2587 apoenis
542 2542 634 2578 scelerum
650 2541 769 2577 incurrendis
787 2541 853 2577 sedulo

56 2590 128 2626 cavisse
146 2587 259 2626 declarando
278 2594 315 2635 131,
330 2593 382 2628 2-3,
397 2595 474 2627 11-12.
489 2596 525 2636 14).
547 2590 642 2627 Videntur
659 2590 720 2637 igitur
736 2589 756 2626 hi
768 2589 853 2627 tristichi

57 2639 128 2676 elibro
141 2637 224 2685 quodam
241 2639 328 2686 gnomico
345 2639 368 2675 de
385 2650 441 2676 cursu
459 2640 511 2677 vitae
529 2640 625 2687 desumpti
638 2642 657 2677 et
675 2639 754 2685 fortasse
770 2639 854 2687 longiori

57 2688 144 2725 excursui
156 2688 196 2724 lobi
209 2687 314 2732 substituti,
328 2688 350 2725 in
362 2700 400 2734 quc
413 2688 436 2725 de
448 2689 579 2726 incolumitate
588 2691 708 2736 peccatorum
721 2691 740 2725 et
748 2689 854 2727 infortunio

54 2738 152 2784 justorum
163 2736 242 2772 liberius
255 2737 387 2774 disserebatur.
402 2760 423 2764 -
438 2744 454 2774 9.
467 2739 523 2774 Hunc
535 2750 610 2774 versum
618 2749 657 2774 non
670 2749 712 2772 cum
725 2737 854 2775 antecedenti·

57 2787 93 2822 bus
106 2787 125 2822 et
138 2785 261 2831 sequentibus
273 2786 378 2829 cohaerere,
391 2786 437 2822 inde
449 2790 509 2832 patet,
526 2787 577 2832 quod
588 2786 654 2822 miseri
665 2785 699 2829 illi,
718 2786 778 2830 domo,
796 2789 855 2832 veste,

58 2834 154 2871 alimentis
167 2834 257 2877 carentes,
271 2837 321 2870 certe
333 2845 368 2870 nec
379 2834 465 2871 infantes
477 2836 539 2871 adhuc
550 2835 642 2871 lactentes
657 2834 696 2870 suis
709 2836 797 2881 expensis
811 2836 855 2872 edu-

58 2883 127 2918 candos
139 2892 206 2927 rapere
219 2881 319 2924 voluerint,
332 2893 367 2917 nec
380 2882 454 2928 aliquid
465 2884 566 2928 tamquam
578 2883 648 2929 pignus
666 2894 740 2920 sumere
753 2885 855 2930 potuerint.

58 2929 175 2976 hnpossibile
188 2930 253 2964 autem
266 2930 324 2972 foret,
343 2930 365 2965 in
382 2942 399 2965 v.
414 2935 424 2965 9
437 2932 490 2967 aliud
503 2931 609 2978 subjectum
627 2942 743 2978 supponere,
763 2945 822 2978 quam
834 2934 855 2968 in

112 2993 176 3016 cumina
185 2992 203 3016 V.
211 2992 228 3015 ’1.
236 2992 298 3016 metrice.
719 2999 747 3042 22
