1915 3180
107 133 149 172 228
258 128 319 165 Crasis
330 129 428 166 interdum
440 131 517 168 evitata
529 131 557 167 De
569 131 648 167 accentu
661 131 744 167 metrico.

104 251 183 289 literam
198 251 229 288 He
244 250 347 288 scribatur.
378 252 469 301 Denique
484 253 558 290 formae
575 252 675 301 pleniores
689 252 758 300 minni,
767 286 769 289 ⁴
779 252 832 298 l’mc,
847 249 900 290 b'mc

105 309 211 359 aliquando
226 308 373 359 vulgatioribns
388 310 436 357 min,
452 310 472 358 Γ,
487 311 506 350 b'
522 310 671 350 substituendae
686 322 696 349 s
725 311 739 350 1.

166 369 246 407 Certum
261 365 341 420 qnoque
356 370 392 418 est,
408 382 528 422 quamquam
537 371 594 410 nulla
609 370 699 424 analogia
714 371 781 412 textus
791 361 900 423 praesentis

66 467 68 469 .
105 429 186 478 fultum,
203 429 368 471 combinationem
384 429 414 483 -ij‘
429 432 531 473 interdurn
546 433 639 473 intactam
654 445 755 472 remanere
767 446 832 484 neque
846 433 868 473 in
884 438 902 472 -i

106 492 184 532 resolvi.
210 490 237 530 01,
257 492 288 531 Ps.
311 492 331 540 9,
356 492 393 540 15,
417 492 451 541 17,
475 493 498 542 7,
520 493 554 541 59,
580 493 599 536 7.
622 493 660 541 15,
687 493 720 542 78,
743 494 781 541 40,
804 493 856 542 110,
878 493 901 541 1,

106 551 142 591 Iob
160 551 193 598 13,
211 552 249 599 16;
265 552 324 590 Num.
342 553 376 600 23,
395 552 433 600 19;
448 553 507 593 Dent.
524 554 557 601 33,
575 554 613 601 24,
628 554 654 592 Is
672 554 691 601 5,
709 554 731 601 1,
747 554 807 593 etiam
817 554 849 592 Ps.
866 552 901 601 78,

107 611 142 659 46,
157 611 197 650 nisi
216 611 247 650 He
262 611 342 651 articuli
360 613 481 661 retineatur,
503 615 523 652 11
543 614 574 653 Ρ1.
590 613 624 659 44,
645 614 665 660 2,
680 613 720 652 nisi
739 613 836 652 secundae
855 624 901 663 per-

107 683 165 709 sonae
180 670 262 720 perfecti
282 672 373 710 accentus
392 672 415 710 in
435 673 507 711 ultima
526 673 602 724 syllaba
621 672 727 712 tribuatur.
758 672 823 711 Simili
842 671 901 710 modo

107 729 181 768 formae
191 731 302 768 contractae
314 743 335 768 v·
345 730 430 778 1110111111,
440 731 464 779 b·
475 731 559 778 Elchim,
569 732 587 770 1-
597 731 682 778 1110111111,
693 744 716 771 v·
726 731 809 780 adonay,
819 732 837 769 l·
848 730 902 769 Ado-

106 789 139 837 naj
156 788 257 827 interdum
272 789 298 827 ad
317 789 429 837 primitivas
447 790 566 837 ire-elohim,
588 790 709 835 loe-elohim,
729 790 845 836 1111011111,
867 801 901 827 va-

107 847 186 896 adonay',
207 847 305 896 la-adonaj
326 847 449 886 reducuntur
470 844 510 901 (Ps.
531 848 566 896 37,
590 848 627 895 13,
650 848 683 894 57,
704 849 728 895 3,
750 848 783 894 59,
807 848 845 895 18,
867 847 901 894 60,

71 954 73 957 ¹
110 902 153 961 14),
169 918 221 956 quae
235 906 256 944 11
270 906 330 956 ipsae,
346 918 450 956 suppressa
465 907 527 945 vocali
541 906 619 954 initiali,
634 907 656 945 in
669 907 698 945 v'·
713 906 797 954 -Lohim,
812 906 845 946 b’-'
854 906 901 945 -Lo-

107 965 154 1015 him,
169 965 194 1004 l'·
211 965 296 1015 -Lohim,
311 964 340 1006 v'-
356 965 436 1018 -Donaj,
446 966 476 1006 l'-
492 966 563 1019 rDonaj
581 967 655 1007 mutan'
670 968 754 1019 possunt
770 963 811 1024 (Ps.
826 967 861 1018 40,
877 967 902 1016 4;

108 1028 144 1075 42,
160 1026 179 1067 7.
197 1027 235 1076 12,
251 1028 286 1076 43,
304 1027 326 1075 5,
344 1028 378 1076 69,
394 1029 419 1076 4,
436 1028 470 1076 75,
488 1028 525 1077 10,
543 1028 576 1077 76,
594 1028 632 1078 12,
649 1028 682 1077 86,
700 1029 723 1078 8,
746 1029 794 1079 115,
812 1030 835 1078 3,
853 1029 902 1077 135,

111 1088 199 1136 5,’136,
217 1089 236 1127 2.
253 1089 276 1136 3,
294 1088 343 1135 147,
360 1089 379 1127 1.
396 1088 420 1136 7,
435 1089 481 1132 111,
493 1089 527 1137 50,
544 1085 588 1145 25).

168 1148 245 1187 Notum
259 1149 295 1195 est,
310 1148 397 1198 priscam
411 1149 570 1188 terminationem
585 1148 675 1188 feminini
691 1149 721 1188 -at
737 1161 772 1199 pro
788 1162 810 1187 -a
824 1149 866 1187 tam
880 1149 903 1187 in

108 1207 179 1255 verbo,
206 1220 265 1257 quam
285 1208 307 1245 in
332 1208 412 1246 nomine
430 1221 442 1246 a
459 1209 523 1257 poetis
548 1208 650 1246 interdum
674 1208 765 1255 retineri,
791 1208 849 1257 cujus
873 1207 903 1246 rei

108 1266 198 1315 exempla
212 1278 224 1303 a
238 1265 307 1304 scribis
321 1267 354 1304 vel
368 1267 520 1315 punctatoribus
538 1267 642 1305 obscurata
656 1266 678 1304 in
693 1267 745 1305 notis
764 1266 902 1305 demonstravi.

107 1324 220 1374 Aliquando
240 1325 293 1362 inter
308 1336 328 1363 se
343 1326 484 1374 permutantur
504 1337 560 1364 voces
575 1325 608 1363 ani
623 1325 644 1363 et
664 1325 738 1363 anokhi
754 1321 795 1378 (Ps.
812 1324 846 1370 73,
864 1325 902 1371 23,

108 1383 144 1422 Iob
161 1384 195 1430 33,
212 1384 236 1430 9,
255 1383 281 1422 Is.
299 1382 333 1431 37,
350 1379 399 1438 25),
420 1382 453 1421 leb
473 1384 494 1421 11
513 1383 570 1422 lebab
591 1379 631 1438 (Ps.
648 1383 668 1430 4,
686 1382 709 1430 5,
731 1383 764 1430 13,
782 1383 805 1431 6,
827 1383 861 1431 39,
878 1383 902 1430 4,

109 1442 144 1488 45,
161 1443 184 1489 2,
202 1442 236 1489 61,
254 1443 277 1490 3,
292 1443 324 1481 Pr.
341 1443 376 1491 23,
394 1442 416 1491 7,
436 1442 472 1482 Iob
489 1443 523 1490 23,
541 1442 578 1491 16,
595 1442 628 1490 37,
647 1441 669 1491 1,
689 1442 749 1482 etiam
764 1442 800 1482 Iob
817 1443 851 1491 10,
868 1443 902 1492 13,

108 1502 147 1543 nisi
162 1502 278 1556 negligatur
297 1499 378 1560 pausa),
400 1503 513 1555 saepissime
532 1517 579 1545 vero
599 1503 663 1544 Jahva
677 1504 698 1544 et
717 1504 766 1551 Jah,
787 1504 840 1544 unde
855 1516 902 1555 pro-

108 1564 178 1613 batur,
204 1565 311 1616 utramque
331 1564 414 1605 formam
434 1566 520 1605 nominis
542 1566 612 1605 sacrati
632 1565 678 1604 olim
701 1565 769 1604 eodem
787 1565 903 1616 compendio

109 1625 220 1676 scriptionis
236 1626 359 1676 designatam
374 1637 421 1672 esse,
441 1625 524 1664 fortasse
543 1625 629 1675 simplici
643 1624 701 1663 litera
715 1625 759 1673 Jod,
781 1638 827 1664 cum
841 1626 903 1664 tetra·

109 1686 234 1735 grammaton
253 1697 293 1723 non
308 1697 352 1723 raro
371 1685 394 1723 in
409 1686 466 1723 textu
486 1684 586 1734 praesenti
603 1685 672 1722 contra
690 1684 792 1723 rationem
802 1684 903 1723 metricam

109 1743 207 1782 exciderit.
238 1744 328 1793 Denique
349 1745 437 1782 metrum
459 1756 538 1793 quoque
559 1742 662 1782 confirmat
682 1744 769 1781 rationes
790 1743 903 1793 exegeticas,

109 1815 159 1852 quae
175 1802 301 1841 evitationem
316 1802 475 1852 tetragrammati
489 1803 511 1840 in
525 1802 612 1851 psalmis,
628 1801 663 1849 qui
678 1801 777 1849 dicuntur,
798 1801 904 1852 elohisticis

109 1873 150 1899 non
164 1861 234 1910 poetis,
250 1861 284 1899 sed
300 1861 399 1899 collectori
413 1860 539 1899 tribuendam
555 1872 596 1898 esse
611 1860 651 1898 alte
666 1855 780 1914 clamantl).

170 1919 268 1958 Accentns
283 1919 377 1957 metricus
391 1918 445 1968 apud
454 1919 559 1968 Hebraeos,
575 1920 599 1957 ut
612 1917 666 1968 apud
676 1918 735 1969 Syros
751 1919 771 1958 et
780 1919 904 1970 Byzantinos,

109 1992 155 2019 curn
171 1979 299 2032 grammatico
318 1978 416 2020 coincidit.
443 1978 484 2022 Sed
498 1978 551 2031 apud
570 1979 620 2019 solos
635 1977 734 2019 Hebraeos
750 1979 848 2034 Syrosque
863 1980 904 2032 syl—

109 2040 166 2080 labae
182 2041 251 2080 acutae
269 2053 315 2080 cum
334 2041 378 2080 aliis
398 2053 477 2091 semper
496 2041 525 2080 ita
545 2041 654 2088 alternant,
677 2041 700 2080 ut
714 2041 768 2080 nulli
786 2042 827 2080 sint
846 2041 905 2091 pedes

110 2101 219 2153 rhythmici
233 2102 311 2151 praeter
326 2101 402 2141 iambos
417 2102 438 2140 et
452 2101 552 2140 trochaeos
567 2101 648 2140 tonicos.
679 2101 728 2140 011111
743 2101 815 2140 ultima
830 2101 906 2152 syllaba

110 2161 169 2200 stichi
188 2162 270 2200 accentu
290 2162 359 2207 careat,
379 2161 411 2199 illi
425 2173 500 2207 versus,
522 2161 557 2210 qui
572 2173 640 2210 parem
660 2160 784 2211 syllabarum
798 2173 905 2200 nnmerum

111 2218 141 2275 (4,
159 2222 177 2267 6,
195 2221 213 2267 8,
236 2220 327 2269 acia)
347 2219 430 2266 habent,
452 2220 546 2269 rhythmo
566 2219 664 2258 trochaico
683 2219 760 2267 fluunt,
783 2220 816 2257 alii
837 2219 865 2269 (5,
883 2215 905 2273 7)

110 2279 199 2318 iambico.
230 2279 363 2328 Excipiuntnr
382 2278 440 2317 stichi
459 2277 593 2328 tetrasyllabi,
615 2278 632 2315 si
651 2290 697 2316 cum
717 2278 858 2327 heptasyllabis
876 2278 890 2327 ('

110 2338 243 2377 schematibus
260 2337 278 2375 7.
290 2339 304 2375 4
318 2336 322 2387 l
337 2337 381 2376 7.4
396 2338 418 2375 11
434 2337 452 2375 7.
465 2337 483 2375 7.
496 2336 507 2374 7
523 2336 526 2389 Ι
541 2336 559 2375 7.
573 2336 596 2386 4)
612 2336 713 2386 conjuncti
728 2349 797 2375 eorum
811 2337 905 2387 rhythmo

110 2396 194 2435 iambico
209 2397 344 2436 assimilantur
359 2397 380 2435 et
394 2397 497 2435 accentum
511 2396 534 2435 in
548 2396 621 2436 ultima
636 2395 712 2447 syllaba
726 2393 840 2435 admittunt.

162 2514 176 2563 1)
188 2513 239 2550 Hinc
251 2514 337 2560 apparet,
349 2513 431 2560 psalm0s
444 2517 513 2550 41-01
523 2513 651 2551 collectionem
663 2513 771 2560 separatam
782 2513 906 2558 constituisse,

111 2564 184 2610 inqua
200 2563 266 2599 tamen
283 2562 312 2598 Ps.
325 2567 397 2598 42—50
415 2561 503 2608 primitus
521 2563 583 2599 locum
600 2574 654 2599 suurn
671 2563 716 2599 ante
733 2562 761 2598 Ps.
781 2567 802 2598 13
818 2562 907 2599 habuisse

112 2612 207 2648 videntur.
232 2611 315 2647 Psalmos
329 2616 399 2647 84—89
413 2610 492 2647 fortasse
507 2610 540 2647 ille
555 2610 639 2653 addidit,
658 2610 692 2656 qni
704 2610 832 2646 collectionem
849 2610 906 2646 elohi-

112 2660 179 2696 sticam
196 2671 239 2695 cunr
256 2658 391 2704 antiquissima
403 2658 478 2705 (1-41)
495 2658 598 2703 conjunxit.
615 2657 666 2694 Duos
683 2658 760 2693 ultimos
776 2657 834 2693 libros
851 2658 906 2705 (90-

113 2707 155 2754 150)
167 2708 262 2752 postremo
275 2706 361 2742 collectos
374 2716 418 2748 esse,
436 2705 480 2741 inde
493 2716 568 2751 quoque
581 2706 640 2751 patet,
658 2705 710 2750 qnod
721 2703 751 2739 Pa.
765 2710 805 2747 108,
819 2704 870 2740 ePa.
884 2710 905 2740 57

112 2755 131 2790 et
145 2759 166 2789 00
180 2753 299 2799 compositus.
312 2764 347 2799 per
359 2752 490 2798 exceptionem
501 2753 673 2798 tetragrammaton
685 2752 751 2794 evitat,
764 2762 808 2797 ergo
817 2752 859 2796 y'am
871 2751 907 2786 col-

45 2805 47 2808 '
111 2801 212 2837 lectionem
223 2798 341 2837 elohisticam
358 2811 397 2845 qua
413 2799 472 2835 talem
485 2800 585 2845 supponit,
605 2811 648 2835 oum
660 2810 671 2835 e
683 2799 749 2834 contra
765 2800 829 2834 textus
842 2798 870 2834 Pa.
885 2803 907 2833 14

112 2848 133 2883 11
145 2853 167 2882 40
180 2859 216 2884 usu
228 2848 310 2884 nominis
318 2848 382 2883 Jahva
390 2847 410 2882 11
421 2846 531 2882 melioribus
539 2847 653 2884 lectionibus
665 2845 786 2895 prioritatem
799 2856 853 2881 suam
860 2856 907 2893 praa

111 2894 140 2931 Pa.
155 2899 176 2930 53
190 2896 244 2932 1170
258 2895 356 2932 evidenter
368 2893 456 2931 declaret.
865 2908 867 2910 >
