1911 3180
109 771 150 821 De
169 787 201 821 re
220 771 352 821 metrica
371 765 586 839 Hebraeorum
605 772 797 825 dissertatio.

115 931 172 969 Pcesi
186 931 322 970 Hebraeorum
337 933 390 970 certa
404 944 445 970 non
460 931 546 971 defuisse
561 934 630 980 metra,
646 933 724 982 praeter
739 933 852 983 analogiam

55 991 187 1030 universalem
208 992 228 1029 et
247 990 366 1040 strophicam
386 990 511 1039 divisionem,
533 991 558 1030 ab
573 991 666 1031 omnibus
686 1002 802 1037 concessam,
818 991 852 1030 sed

55 1050 103 1090 alias
118 1051 216 1098 inutilem,
232 1050 316 1089 suadent
331 1051 444 1098 testimonia
459 1051 552 1098 Philonis,
569 1051 656 1100 Josephi,
671 1051 759 1097 11111111,
775 1052 794 1090 S.
804 1052 853 1090 Hie·

55 1111 140 1161 ronymi,
156 1110 234 1158 Junilii,
249 1110 335 1159 probant
349 1111 488 1159 inscriptiones
500 1110 644 1159 nonnullorum
659 1111 854 1160 psalmorumquae

55 1169 128 1210 eosad
143 1169 225 1207 modum
240 1165 326 1207 aliorum
340 1169 451 1207 carminum
466 1169 563 1207 canendos
582 1181 623 1217 essa
638 1170 726 1215 monent,
746 1180 793 1207 curn
807 1170 854 1207 talis

55 1227 140 1265 imitatio
152 1226 258 1271 melodiae
277 1226 385 1275 utrobique
399 1238 468 1265 uersus
489 1227 558 1265 eodem
577 1239 661 1265 numero
682 1227 721 1277 syl
722 1227 804 1266 abarum
819 1228 853 1265 de:
909 1276 911 1278 Ι

55 1285 122 1324 finitos
141 1286 162 1323 et
180 1284 206 1323 ad
226 1285 316 1335 strophas
336 1285 374 1323 sihi
393 1285 484 1336 aequales
504 1286 621 1334 compositos
641 1286 795 1335 praesupponat,
815 1286 854 1324 nisi

55 1358 130 1385 meram
145 1344 299 1394 cantillationcm
311 1345 432 1396 hymnorum
447 1356 553 1392 sacrorum,
570 1345 595 1383 ob
608 1346 727 1397 concentum
742 1345 855 1398 multorum

56 1406 195 1456 variorumque
209 1405 399 1452 instrumentorum,
421 1418 481 1456 quem
502 1407 591 1445 auctores
610 1393 680 1446 biblici
694 1394 838 1457 1111111111Ι
832 1419 855 1446 1n

55 1467 130 1518 templo
145 1467 235 1517 peractae
249 1466 348 1516 tribuunt,
364 1466 512 1534 impossibilem,
528 1466 616 1518 effingas.
638 1467 687 1520 Cum
703 1480 749 1506 vero
766 1466 854 1507 Hebraei

55 1527 149 1567 iisdemt
148 1539 180 1566 ere
195 1526 274 1579 legibus
293 1527 380 1566 metricis
395 1527 427 1566 usi
447 1527 492 1574 sint,
513 1539 536 1565 ac
551 1527 601 1578 Syri,
617 1516 720 1566 metricam
740 1527 801 1577 hujus
816 1540 853 1577 po—

55 1588 99 1638 puli
118 1583 262 1634 indubitatam,
290 1599 350 1636 quam
370 1587 391 1625 in
411 1587 557 1638 prolegomenis
584 1587 694 1627 carminum
713 1587 855 1627 Nisibenorum

56 1648 74 1686 S.
84 1647 190 1697 Ephracmi
200 1646 299 1697 descripsi,
315 1647 438 1685 emendatam
451 1647 484 1685 hic
498 1648 614 1686 summatim
623 1649 717 1697 repetam,
732 1647 774 1686 illis
784 1648 852 1687 tamen

55 1706 140 1746 1111111111
155 1706 247 1753 metricis,
263 1718 312 1756 quas
327 1705 412 1745 Hebraei
428 1700 551 1756 spreverunt,
569 1707 647 1746 silentio
663 1707 814 1758 praetermissis.

101 1815 103 1819 .
116 1765 206 1815 Syllabas
220 1777 315 1804 versuum
330 1765 371 1804 sive
387 1765 496 1812 stichorum
510 1777 551 1805 ncu
570 1766 681 1814 ponderant
697 1766 747 1816 Syri,
763 1766 797 1805 sed
814 1779 854 1805 nu-

55 1826 138 1869 merant,
160 1835 232 1872 eosque
253 1824 285 1862 vel
304 1819 400 1862 identiccs
415 1824 447 1862 vel
467 1824 554 1863 diversos
573 1824 596 1863 in
617 1826 707 1873 strophas
727 1826 855 1875 conjungunt

55 1882 164 1933 aequaliter
179 1883 309 1933 recurrentes,
334 1882 431 1921 Identitas
441 1882 551 1921 stichorum
566 1894 612 1922 cum
622 1883 689 1922 incisis
704 1883 854 1930 sententiarum,

56 1941 182 1993 stropharum
198 1953 244 1980 cum
258 1941 355 1992 periodis
375 1942 622 1992 parallelismusduorum
637 1943 675 1990 vel,
696 1943 714 1997 si
728 1944 794 1993 impar
809 1955 854 1982 ver-

20 2012 22 2018 '
56 2016 116 2045 suum
131 2014 227 2042 numerus
242 2001 310 2054 exigit,
330 1998 393 2042 trium
409 2002 523 2050 1111111111,
544 2003 615 2043 arctior
635 2003 748 2056 conjunctio
763 2004 853 2054 plurium

55 2064 185 2104 distichorum
199 2063 341 2114 parallelorum
355 2064 377 2102 in
392 2064 478 2113 strophis
494 2063 638 2114 prolixioribus,
659 2064 713 2116 apud
727 2065 787 2116 Syros
802 2077 852 2115 quo-

55 2124 94 2177 que
105 2125 201 2173 servatur,
218 2136 340 2175 quamquam
354 2135 396 2163 non
408 2123 518 2163 secundum
528 2125 615 2176 rigorem
625 2124 767 2172 Hebraeorum.
790 2125 863 2179 1111111,

54 2187 123 2236 tamen
137 2186 158 2224 et
172 2185 240 2235 ipsum
255 2177 366 2234 1111111111
382 2184 435 2235 apud
450 2196 483 2223 eos
498 2184 614 2231 obtinuisse,
633 2185 684 2224 mihi
699 2185 782 2234 probare
797 2186 853 2224 vide-

54 2247 89 2284 tur
104 2246 191 2296 hymnus
207 2245 308 2296 gnosticos
319 2244 393 2283 saeculi
408 2245 434 2290 H,
450 2243 573 2283 strictissimo
586 2241 719 2294 parallelisnio
735 2245 831 2284 exaratus.
837 2245 853 2295 ¹)
895 2270 898 2273 >

56 2305 123 2350 Quoad
142 2304 300 2343 numerationem
319 2304 440 2354 syllabarum
460 2304 570 2343 notandum
585 2305 625 2352 est,
649 2305 736 2344 vocalem
755 2304 853 2343 initialem

55 2363 153 2414 supprimi
168 2375 225 2413 posse
240 2363 261 2401 et
271 2363 395 2402 semivocales
405 2363 526 2413 regulariter
540 2375 577 2413 pro
593 2363 670 2414 syllaba
684 2376 725 2402 non
735 2364 852 2413 computari,

54 2422 113 2461 salvis
129 2423 277 2472 exceptionibus
291 2422 314 2461 in
329 2422 403 2472 hymno
419 2422 453 2460 illo
470 2422 559 2472 gnostico
575 2423 596 2460 et
611 2422 665 2472 apud
681 2422 702 2461 S.
718 2423 852 2473 Ephraemum

105 2563 118 2610 ¹)
131 2561 161 2599 W
174 2561 284 2609 Wright‚
303 2559 808 2646 1111111111111110111111111111111114
811 2566 852 2598 are

54 2611 137 2649 Mettum
149 2611 216 2657 hymni
230 2574 394 2658 hexabyllabum
386 2622 427 2657 Jam
439 2609 547 2647 Theodorus
559 2609 609 2647 Noe
613 2610 688 2647 ldeke
705 2610 790 2656 agnovit.
816 2610 853 2647 Sed

55 2659 169 2706 etstrophis
182 2659 293 2697 decastichis
306 2671 349 2706 eum
361 2660 456 2699 constare,
475 2658 524 2695 11111
535 2659 608 2695 certum
620 2659 702 2697 videtur.
715 2660 759 2695 P.‘.¹
761 2665 790 2703 ῖ,5
803 2660 815 2697 l.
830 2665 852 2695 15

54 2708 98 2754 post
110 2706 182 2743 11111111
183 2718 245 2744 runon
258 2719 323 2744 sensns
336 2706 396 2753 exigit
408 2707 488 2743 verbum
499 2707 613 2755 v'nergsnn,
626 2707 669 2753 post
681 2707 763 2743 stichum
773 2719 853 2753 sequen-

53 2757 94 2792 tem
106 2755 244 2802 parallelisrnus
256 2755 396 2810 suppletionem
408 2755 465 2792 stichi
482 2755 502 2792 P.
517 2760 557 2798 278,
570 2754 582 2790 1.
597 2755 741 2802 aperturbatio
758 2759 854 2793 construc-

53 2803 112 2840 tionis
126 2803 210 2857 probat,
226 2804 278 2840 inter
295 2814 348 2839 voces
366 2802 424 2839 didav
441 2805 461 2840 et
476 2803 549 2839 d’fanni
566 2800 659 2839 nonnulla
676 2803 772 2842 excidisse.
797 2805 855 2842 Deest

55 2846 135 2887 ultimus
147 2845 219 2887 stichus
232 2851 321 2898 strophae
338 2862 381 2886 cum
387 2846 477 2896 quatuor
493 2847 571 2896 syllabis
586 2850 699 2896 penultimh
717 2864 803 2889 necnon
815 2855 854 2888 tres

55 2898 128 2943 primae
141 2897 226 2944 syllabae
239 2898 327 2945 strophae
340 2898 441 2944 sequentis,
454 2898 543 2967 fortasse:
556 2897 609 2935 sabb
610 2898 654 2935 chet
665 2898 722 2935 lhav.
