1911 3180
106 158 192 196 Disticha
197 158 229 195 vel
236 157 326 196 tristicha
334 152 426 205 parallel'a
435 159 454 195 et
462 158 542 205 majores
551 157 673 204 stropharum
681 154 787 197 divisiones,
804 155 846 194 231

50 292 133 319 numero
148 281 177 330 (3,
195 281 213 327 5,
231 280 249 327 7,
266 282 288 331 9)
304 281 390 327 constat,
405 294 469 319 unum
484 281 590 319 tristichon
608 279 716 323 formatur,
737 275 792 325 quod
807 286 848 313 non

51 340 117 379 solum
130 340 152 379 in
167 339 260 380 omnibus
275 339 362 390 strophis
377 338 466 389 ejusdem
481 339 578 386 carminis,
594 336 704 378 sedetiam
718 332 847 373 inormibus

50 399 170 441 carminibus
181 399 270 450 ejusdem
280 399 383 440 schematis
393 399 488 450 strophici
503 399 588 438 cundem
597 400 663 437 locum
676 407 772 446 occupare
782 393 846 433 debet.

51 461 197 501 Parallelismus
217 460 371 512 perfectissimus
392 461 459 500 estin
478 460 582 500 sententiis
601 457 739 506 antitheticus,
762 456 784 495 in
804 466 847 495 car-

50 521 138 562 minibus
154 534 276 574 synonymus
288 517 385 577 (a=b);
400 521 515 572 frequenter
530 523 596 560 tamen
606 520 710 560 reducitur
725 518 749 556 ad
764 517 847 568 synthe-

50 582 113 621 ticum
128 583 149 621 et
163 595 218 621 mere
227 581 331 621 formalem
346 577 366 635 (a
377 579 404 633 -l-
414 577 444 636 b).
459 581 516 621 Unde
530 582 632 620 interdum
645 579 722 626 accidit,
738 578 792 628 quod
807 577 847 616 duo

51 641 134 680 disticha
148 642 222 681 iterum
233 640 351 681 sententiam
365 641 480 691 parallelum
491 641 600 680 secundum
615 640 722 679 formulam
732 650 744 677 a
755 637 783 689 -1-
794 637 846 676 b=

51 714 65 742 α
77 698 104 752 -l-
116 701 128 755 β
143 700 234 739 efficiant.
249 700 312 739 Stichi
321 701 411 750 paralleli
425 702 533 739 necessario
543 701 616 748 arctius
626 701 678 738 inter
693 710 715 737 se
725 710 784 747 quam
800 709 847 735 cum

51 759 95 799 aliis
109 760 200 800 finitimis
212 760 335 810 junguntur.

110 820 206 869 Strophae
221 818 353 869 heptastichae
368 821 389 858 et
404 819 519 869 prolixiores
539 832 580 858 non
595 819 659 857 solum
679 818 701 856 in
716 816 799 855 disticha
815 816 847 855 vel

50 878 140 917 tristicha
149 878 249 928 parallela,
264 878 298 917 sed
313 879 373 917 etiam
387 878 410 917 in
418 878 476 917 binas
490 880 524 918 vel
538 879 605 918 ternas
618 877 772 916 combinationes
788 875 845 913 disti-

51 938 133 976 chorum
148 937 270 982 nnuman,
286 949 337 986 quae
352 939 373 976 et
382 937 436 987 ipsae
446 939 468 975 in
483 938 575 976 omnibus
586 936 672 986 strophis
687 935 776 984 ejusdem
790 934 846 972 sche-

51 996 110 1034 matis
125 995 193 1034 eodem
208 996 250 1033 loco
264 997 376 1034 recmrunt.

111 1053 181 1093 Omnia
195 1054 282 1092 carmina
297 1054 387 1092 hebraica
402 1054 501 1104 strophica
516 1056 569 1102 sunt,
592 1065 637 1092 oum
654 1051 751 1101 simplicia
766 1062 847 1101 quoque

51 1113 134 1152 disticha
147 1126 184 1164 pro
200 1114 286 1163 strophis
301 1113 369 1152 haberi
384 1115 464 1164 queant.
485 1114 581 1163 strophae
593 1113 629 1150 aut
644 1111 778 1150 homostichae
794 1111 847 1156 sunt,

51 1173 97 1214 solis
112 1174 202 1214 versibus
217 1173 250 1214 vel
264 1173 407 1225 pentasyllabis
418 1174 450 1214 vel
464 1172 595 1225 hexasyllabis
610 1172 643 1213 vel
658 1170 801 1222 heptasyllabis
811 1170 848 1211 -vel

50 1235 175 1286 octosyllabis
194 1235 226 1274 vel
248 1234 402 1285 dodecasyllabis
422 1234 549 1284 compositae,
572 1235 608 1273 aut
628 1233 712 1280 mixtae,
737 1231 848 1283 inquibus
891 1261 893 1267 .
927 1283 929 1285 Ι
952 1266 955 1268 .

50 1296 118 1346 plures
129 1308 152 1334 ex
167 1295 198 1334 his
208 1295 303 1344 versibus,
319 1294 390 1334 additis
405 1295 466 1334 etiam
476 1294 604 1345 tetrasyllabo
614 1295 635 1332 01
649 1292 777 1344 decasyllabo,
794 1304 847 1331 com-

50 1354 150 1394 binantur.
186 1354 231 1404 Syri
250 1351 346 1405 mayorem
365 1356 441 1404 partem
464 1355 591 1405 stropharum
612 1353 781 1396 homosticharum
802 1351 848 1391 cum

50 1414 145 1453 Hebraeis
160 1425 273 1453 communes
288 1409 392 1468 habent1);
411 1414 525 1464 e'strophis
540 1414 607 1452 mixtis
625 1413 705 1452 unicam
720 1413 800 1451 tantum
815 1413 847 1450 in-

50 1475 96 1514 veni
110 1474 192 1523 utrique
207 1474 281 1523 populo
291 1473 390 1519 usitatam,
406 1485 477 1523 nempe
492 1474 570 1513 schema
587 1473 633 1528 704
647 1468 651 1526 l
666 1472 685 1510 7.
702 1472 721 1518 4,
738 1472 792 1522 Syris
807 1471 848 1510 for-

50 1534 128 1572 matum
142 1533 162 1570 et
178 1532 304 1572 decantatum
319 1532 344 1571 ad
358 1532 472 1572 melodiam:
486 1533 502 1571 O
517 1534 589 1579 macto,
605 1531 625 1570 lo
640 1527 718 1570 cesa‘le
735 1528 768 1584 (cf.
784 1531 848 1571 carm.

51 1592 150 1638 Nisibena,
166 1605 185 1641 p.
204 1592 252 1630 104.
270 1591 311 1630 126
327 1592 376 1631 text.
391 1592 444 1642 syn).

111 1649 217 1699 Sequentia
232 1650 330 1688 schemata
345 1650 443 1698 strophica
458 1650 513 1699 apud
523 1650 622 1699 Hebraeos
637 1651 755 1688 occurrunt:
773 1649 791 1689 5.
806 1649 817 1686 5
832 1645 836 1702 l

52 1709 95 1747 5.5
112 1709 152 1758 (Ps.
168 1709 192 1755 4;
210 1708 308 1755 11-1e;
325 1708 359 1754 27,
377 1708 461 1756 7-14;
478 1705 526 1762 32);
547 1704 743 1762 55155155
761 1702 796 1762 (ls
814 1707 848 1754 27,

52 1763 131 1822 2-5);
148 1768 166 1805 5.
185 1763 380 1821 5155115505
397 1764 436 1822 (Ρο,
453 1764 501 1822 30);
519 1762 792 1821 55155155155
808 1764 849 1821 (Ps.

53 1823 101 1883 17),
118 1827 166 1868 (1.6
184 1822 223 1884 (Ps.
242 1827 290 1867 116.
309 1826 436 1877 118;1)001,
454 1824 501 1883 33);
522 1827 541 1868 6.
558 1827 578 1867 6.
594 1822 690 1884 5(Οο01.
706 1827 725 1873 3,
744 1827 812 1874 1-4;
830 1826 849 1874 8,

52 1885 162 1945 13-14);
180 1889 198 1928 6.
215 1886 279 1943 616.
295 1889 308 1927 6
327 1885 366 1944 (Ps.
383 1889 422 1938 823
443 1889 497 1928 dant.
516 1889 534 1938 5,
551 1889 616 1936 8—6,
633 1889 656 1937 2;
674 1889 695 1938 6,
711 1888 781 1937 4-c;
799 1888 818 1937 8,
836 1887 848 1926 8

91 2006 114 2047 .¹J
123 2002 179 2040 Valet
184 2004 220 2040 hoc
228 2003 252 2040 de
261 2003 344 2049 strophis
350 1999 493 2050 pentasyllabis,
501 2004 634 2050 hexasyllahis‚
643 2004 785 2050 heptasyllabis.
799 2004 850 2040 Nam

51 2063 116 2088 versus
128 2051 241 2097 octosyllabi
253 2052 274 2088 in
286 2051 330 2087 00110
338 2051 377 2087 fere
389 2052 472 2098 strophis
485 2051 550 2088 mixtis
562 2051 693 2090 inveniuntur.
718 2052 806 2088 Difficilis
819 2053 849 2089 001

52 2098 139 2145 quaestio
156 2100 220 2145 quoad
238 2099 324 2146 strophas
342 2099 501 2144 dodecasyllabas.
529 2099 613 2135 Metram
630 2100 686 2143 enim,
704 2100 756 2145 quod
773 2100 849 2144 dieitur,

51 2147 165 2183 Jacobaeum
177 2146 255 2193 proprie
268 2158 307 2182 000
319 2147 404 2182 continet
416 2147 485 2182 stichos
494 2147 652 2192 dodecasyllabos‚
670 2147 703 2183 sed
714 2149 778 2182 ternos
790 2148 849 2184 tetra-

51 2194 138 2240 syllabos.
156 2193 203 2229 Onm
215 2195 280 2230 autem
291 2193 334 2238 Syri
342 2194 432 2240 primitus
441 2194 555 2230 strictiorem
563 2194 712 2239 parallelismum
720 2194 850 2231 Hebraeorum

48 2241 179 2286 adhibuerint,
194 2240 320 2286 improbabile
340 2240 422 2284 videtur,
440 2253 470 2277 eos
482 2241 571 2277 tristicha
583 2241 708 2286 conjunxisse,
726 2241 781 2278 nulla
793 2242 818 2278 ad
829 2243 850 2278 id

51 2287 163 2326 necessitate
174 2289 253 2324 coactos.
276 2288 303 2323 Ac
314 2299 381 2324 revera
393 2288 453 2334 poetis
466 2288 544 2333 syriacis
557 2290 602 2324 ante
613 2288 707 2324 Jacobum
724 2289 851 2335 Sarugensem

51 2336 135 2371 metrum
146 2335 196 2371 illud
207 2335 327 2382 incognitum
339 2335 385 2371 erat.
402 2335 453 2370 Nam
465 2334 483 2371 S.
493 2335 589 2380 Ephraem
600 2336 622 2371 in
635 2336 717 2371 carmine
725 2335 817 2372 Nisibeno
827 2342 849 2373 60

51 2382 96 2418 inde
109 2393 189 2418 a-versu
203 2389 224 2418 11
238 2383 313 2419 schema
326 2388 342 2417 1.
351 2388 367 2417 '4
377 2385 381 2427 Ι
393 2389 408 2419 l.
423 2387 434 2417 4
447 2393 481 2428 per
492 2382 655 2419 inadvertentiam
672 2383 702 2418 ita
714 2384 809 2426 mutavit,
827 2385 851 2419 01

45 2429 108 2468 ,0110101
121 2429 249 2478 heptasyllabi
262 2429 359 2467 additione
370 2430 426 2467 unius
435 2429 520 2476 syllabae
532 2429 599 2467 fierent
611 2430 652 2466 bini
664 2430 790 2477 tetrasyllabi,
803 2432 850 2467 stro-

52 2479 102 2527 phae
114 2480 179 2517 autem
191 2480 315 2527 sequerentur
327 2479 402 2516 schema
415 2484 431 2517 l.
441 2484 452 2515 4
463 2482 466 2524 l
477 2484 515 2515 44
526 2483 529 2525 Ι
540 2483 557 2518 4.
566 2485 582 2515 4.
595 2479 648 2516 idem
660 2478 738 2525 quidem
747 2480 769 2516 in
780 2479 852 2517 ultimo·

51 2529 123 2574 hymno
139 2529 229 2566 adversus
248 2529 362 2565 scrutatores
375 2539 385 2564 e
397 2528 479 2575 professo
498 2529 585 2574 strophas
603 2527 743 2565 dodecastichas
761 2529 849 2576 tetrasyl-

51 2576 105 2613 labas
114 2576 176 2623 fingit,
189 2578 221 2614 sed
234 2577 284 2613 binis
293 2576 359 2612 stichis
367 2576 548 2624 parallelisjunctis.
566 2576 671 2622 Gyrillonaa
680 2588 756 2623 qnoque
769 2577 851 2614 disticha

52 2625 129 2661 tantum
141 2625 284 2671 tetrasyllabica
301 2624 384 2661 adhibet.
410 2625 497 2661 Addatur
514 2625 555 2668 hic,
575 2625 667 2661 melodiae
684 2625 851 2671 frequentissimae

52 2673 166 2717 hymnorum
183 2672 201 2708 S.
218 2671 322 2718 Ephraemi
339 2672 362 2709 de
380 2672 470 2708 Paradiso
487 2673 557 2709 rectius
576 2673 700 2710 tribuendum
716 2685 756 2710 esse
775 2675 851 2711 schema

53 2723 194 2764 5515515.
206 2720 296 2768 5fl5.2ss
305 2725 321 2755 5.
332 2725 342 2755 5
353 2721 356 2765 Ι
368 2725 384 2756 5.
396 2725 412 2762 5,
430 2720 552 2766 ejusdemque
564 2721 645 2765 hymnos
660 2726 730 2756 10-25
744 2722 787 2757 adv.
801 2734 851 2759 sorn-

52 2768 123 2803 tatores
136 2767 190 2813 sequi
202 2768 277 2803 schema
292 2766 390 2802 carminis:
407 2767 448 2809 Ait,
460 2767 508 2810 Mor,
526 2767 633 2804 akhtcbtoh
646 2768 671 2815 (5.
685 2774 694 2804 6
706 2774 709 2811 Ι
721 2775 737 2805 7.
748 2769 802 2817 4114.
815 2773 841 2815 41

52 2820 68 2850 4.
79 2820 101 2858 5).
114 2814 142 2850 Ex
154 2814 184 2850 his
197 2815 307 2861 praesertim
320 2814 401 2859 hymnis,
415 2814 463 2850 falso
475 2815 571 2851 schemate
584 2816 664 2858 donatis,
680 2816 781 2863 Augustus
793 2818 851 2854 Hahn

52 2861 123 2898 multas
141 2862 192 2908 leges
215 2861 338 2907 grammatice
359 2862 485 2907 impossibiles
503 2864 593 2899 metricae
613 2863 698 2909 syriacae
722 2866 850 2911 praescripsit.

52 2909 132 2946 Schema
143 2908 201 2955 primi
213 2920 269 2945 carm.
283 2909 343 2948 Nisib.
357 2910 395 2946 ast:
409 2912 487 2954 arla.
499 2909 551 2958 8117.
563 2910 805 2961 circurspectis.
815 2919 831 2949 8.
