1915 3180
329 779 331 781 ,
361 726 539 777 Praefatio.
595 715 623 761 '-

114 881 170 929 Quod
185 882 239 922 bunc
248 882 340 921 libellum
355 883 396 922 luci
411 882 502 933 publicae
513 883 559 922 dare
574 894 661 933 possum,
677 883 739 922 debeo
754 883 852 935 benignae

54 960 90 1000 alti
111 960 216 1000 Ministerii
230 960 340 1009 Austriaei,
366 961 425 1001 rebus
446 962 512 1000 cultus
532 961 608 1012 publici
623 961 644 1000 et
663 961 801 1001 instructionis
817 961 851 1021 de-

54 1039 126 1089 putati,
141 1039 264 1088 liberalitati,
286 1053 325 1090 qua
340 1040 472 1091 quadraginta
488 1040 532 1090 ejus
547 1040 666 1089 exemplaria
682 1040 794 1087 mandatu
815 1052 852 1080 neo

54 1129 95 1156 non
109 1117 238 1168 bibliopolae,
258 1130 301 1158 rem
315 1118 437 1169 periculosae
456 1118 536 1168 plenam
554 1118 608 1157 aleae
629 1118 730 1166 audentis,
752 1118 852 1169 intrepido

54 1195 126 1235 animo.
157 1196 247 1247 Sperans,
261 1209 339 1236 mecum
354 1197 415 1237 etiam
430 1208 503 1247 aequos
522 1208 611 1236 censores
631 1197 745 1247 ceterosque
760 1196 790 1235 rei
804 1197 852 1235 lite-

54 1275 117 1313 rariae
132 1275 230 1315 studiosos
249 1276 360 1315 fautoribus
376 1276 440 1326 operis
461 1275 535 1327 gratias
554 1275 658 1314 habituros
673 1287 725 1322 esse,
746 1276 852 1314 aoontrc-

55 1353 124 1392 versiis
143 1366 189 1393 cum
209 1354 282 1393 criticis
301 1354 365 1393 libelli
385 1354 425 1394 mei
445 1354 523 1393 metrici
546 1353 618 1404 prioris
639 1352 741 1393 movendis
766 1353 852 1393 libenter

55 1413 147 1479 abstinui,
169 1444 215 1472 cum
230 1433 273 1483 ipsa
287 1444 379 1482 praesens
399 1433 497 1472 enarratio
513 1433 533 1470 et
549 1431 654 1482 applicatio
674 1432 787 1483 systematis
803 1432 852 1471 satis

55 1510 130 1558 probet,
146 1510 197 1549 illud
207 1511 307 1550 vocalibus
323 1512 344 1550 et
359 1511 471 1550 accentibus
480 1510 560 1549 traditis
575 1522 616 1549 uon
626 1506 766 1556 contradicere,
782 1511 851 1560 paucis

51 1587 145 1627 minutiis
165 1589 260 1639 exceptis,
287 1601 372 1639 quarum
391 1589 442 1628 ratio
462 1602 474 1627 a
495 1588 623 1640 grammatica
645 1588 738 1627 historica
759 1589 780 1626 et
800 1600 853 1627 com·

54 1666 144 1714 parativa
158 1666 254 1715 redditur,
276 1667 303 1706 lis
314 1668 387 1716 autem,
403 1668 439 1717 qui
454 1679 486 1705 me
495 1665 664 1716 pronuntiationis
679 1665 771 1713 traditae,
782 1666 854 1716 utpote

56 1755 67 1781 a
76 1743 228 1795 transcriptione
238 1744 364 1784 alexandrina
374 1745 500 1800 semiyocales
510 1744 603 1795 plenibus
616 1744 739 1794 exprimente
749 1743 863 1792 refutatae,

56 1822 115 1861 nimis
134 1824 224 1862 tenacem
243 1824 326 1874 putant,
346 1823 465 1875 respondeo,
487 1823 613 1863 semivocales
633 1822 770 1862 Hebraeorum
789 1822 854 1862 varios

49 1911 114 1940 ,sonos
129 1902 227 1942 vocalium
237 1902 270 1942 vel
285 1902 433 1952 primitivarum
443 1902 476 1941 vel
489 1901 621 1941 finitimarum
637 1901 726 1940 induisse
741 1913 778 1940 nec
787 1902 856 1940 tamen

52 1977 98 2017 ideo
108 1979 134 2018 ad
143 1981 219 2020 uocales
229 1981 297 2031 plenas
307 1980 432 2031 pertinuisse.
453 1980 548 2020 Similiter
557 1980 580 2018 in
590 1980 646 2019 Novo
657 1979 781 2019 Testamento
792 1980 853 2018 semi·

56 2057 131 2096 vocales
151 2059 259 2097 aramaicae
278 2071 314 2108 per
335 2059 404 2109 plenas
422 2058 594 2106 transcribuntu,
617 2070 663 2097 cum
683 2058 751 2097 tamen
769 2058 813 2108 jam
834 2058 856 2096 in

57 2136 177 2175 carminibus
192 2136 273 2187 syriacis
289 2137 363 2176 saeculi
378 2137 459 2176 secundi
473 2149 514 2176 non
529 2136 616 2176 efficiant
631 2136 725 2187 syllabas.

116 2210 269 2255 Emendationes
284 2216 305 2255 in
320 2216 378 2255 textu
392 2216 508 2255 masoretico
520 2216 633 2266 propositae
649 2215 735 2266 systema
750 2214 856 2253 metricum

57 2303 98 2331 nou
113 2293 223 2342 debilitant,
242 2294 277 2334 sed
292 2294 318 2334 ob
334 2295 458 2334 constantem
473 2305 591 2334 coneursum
609 2292 723 2332 defectuum
739 2291 855 2344 grammati-

51 2382 135 2420 corum,
157 2372 280 2424 logicorum,
306 2373 458 2412 aestheticorum
474 2384 520 2412 oum
538 2371 626 2411 metricis
642 2371 710 2422 potius
732 2371 856 2411 confirmant.

57 2448 128 2500 Itaque
142 2451 219 2490 multae
235 2452 278 2502 jam
294 2451 319 2491 ab
337 2451 381 2491 aliis
400 2451 493 2491 inventae
512 2452 569 2498 sunt,
590 2450 706 2501 praesertim
722 2464 733 2489 a
748 2450 812 2489 Paulo
827 2449 856 2488 de
896 2464 899 2466 ¹

57 2526 179 2578 Lagarde,
195 2529 303 2569 Adalb'erte
319 2530 397 2577 llerx,
419 2530 479 2569 Justo
495 2529 652 2576 Olshausen3
669 2528 774 2586 Francisoo
789 2528 858 2567 autem

7 2629 9 2631 -
58 2604 191 2646 Delitzsch
206 2607 278 2656 debeo,
297 2608 351 2659 quod
366 2620 424 2659 saepe
439 2608 533 2647 lectiones
548 2607 681 2667 masoreticas,
702 2607 767 2657 primo
783 2606 858 2646 obtutu
904 2662 906 2665 .

58 2685 163 2733 suspectas,
184 2686 307 2726 retinuerim.
339 2686 446 2736 Specialem
466 2686 499 2726 hic
518 2686 639 2725 mentionem
659 2685 749 2724 meretur
768 2685 858 2725 Clemens

58 2761 217 2812 Koennecke,
234 2764 309 2803 amicus
323 2764 441 2814 benevolus,
455 2764 491 2815 qui
506 2750 538 2804 me
551 2764 639 2804 metrum
654 2764 800 2804 nonnullorum
815 2776 857 2803 car·

58 2839 135 2878 minum
148 2836 191 2894 (Ps.
203 2840 228 2890 4;
244 2842 285 2892 403
301 2842 340 2891 73;
358 2842 400 2883 142
406 2855 413 2892 ;
432 2843 486 2883 eane.
498 2843 517 2890 4,
534 2843 624 2894 9-11),
640 2855 733 2884 necnon
747 2842 857 2893 transposi-
